
@book{field_theory,
 author = {А.А. Богуш and Л.Г. Мороз},
 isbn = {5-354-00553-1},
 publisher = {Едиториал УРСС},
 title = {Введение в теорию классических полей},
 pages = {384},
 year = {2004},
 edition = {2}
}
